% Encoding: UTF-8

@Article{Bouhchouch1993,
  author    = {Bouhchouch, Abdellatif and Frein, Yannick and Dallery, Yves},
  title     = {Analysis of a closed-loop manufacturing system with finite buffers},
  journal   = {Applied stochastic models and data analysis},
  year      = {1993},
  volume    = {9},
  number    = {2},
  pages     = {111--125},
  publisher = {Wiley Online Library},
}

@Article{Dallery1991,
  author    = {Dallery, Yves and Towsley, Don},
  title     = {Symmetry property of the throughput in closed tandem queueing networks with finite buffers},
  journal   = {Operations Research Letters},
  year      = {1991},
  volume    = {10},
  number    = {9},
  pages     = {541--547},
  publisher = {Elsevier},
}

@Article{Frein1996,
  author    = {Frein, Yannick and Commault, Christian and Dallery, Yves},
  title     = {Modeling and analysis of closed-loop production lines with unreliable machines and finite buffers},
  journal   = {IIE transactions},
  year      = {1996},
  volume    = {28},
  number    = {7},
  pages     = {545--554},
  publisher = {Taylor \& Francis},
}

@Misc{Levantesi2001,
  author    = {Levantesi, R},
  title     = {Analysis of multiple loop assembly/disassembly networks},
  year      = {2001},
  journal   = {PhD thesis},
  publisher = {Politecnico di Milano},
}

@Article{Shi2014,
  author    = {Shi, Chuan and Gershwin, Stanley B.},
  title     = {Improvement of the evaluation of closed-loop production systems with unreliable machines and finite buffers},
  journal   = {Computers \& Industrial Engineering},
  year      = {2014},
  volume    = {75},
  pages     = {239--256},
  publisher = {Elsevier},
}

@InProceedings{Mashaei2009,
  author       = {Mashaei, Maziar and Lennartson, Bengt and Sannehed, Fredrik and Abbestam, Goran},
  title        = {Optimal number of pallets for reconfigurable cyclic manufacturing plants},
  booktitle    = {Emerging Technologies \& Factory Automation, 2009. ETFA 2009. IEEE Conference on},
  year         = {2009},
  pages        = {1--8},
  organization = {IEEE},
}

@Article{Spearman1990,
  author    = {Spearman, Mark L. and Woodruff, David L. and Hopp, Wallace J.},
  title     = {CONWIP: a pull alternative to kanban},
  journal   = {The International Journal of Production Research},
  year      = {1990},
  volume    = {28},
  number    = {5},
  pages     = {879--894},
  publisher = {Taylor \& Francis},
}

@Book{Monden2011,
  title     = {Toyota production system: an integrated approach to just-in-time},
  publisher = {Productivity Press},
  year      = {2011},
  author    = {Monden, Yasuhiro},
}

@Article{Yang2013,
  author    = {Yang, Sheng and Riggs, Robert J. and Hu, S. Jack},
  title     = {Modeling and analysis of closed loop manufacturing systems using parameter coupling},
  journal   = {Journal of Manufacturing Systems},
  year      = {2013},
  volume    = {32},
  number    = {4},
  pages     = {817--824},
  publisher = {Elsevier},
}

@InProceedings{Li2007,
  author       = {Li, Na and Zheng, Li and Li, Quan-Lin},
  title        = {Semiconductor system with multiple closed-loops constrains},
  booktitle    = {Automation Science and Engineering, 2007. CASE 2007. IEEE International Conference on},
  year         = {2007},
  pages        = {484--488},
  organization = {IEEE},
}

@Article{Li2009,
  author    = {Li, Na and Zheng, Li and Li, Quan-Lin},
  title     = {Performance analysis of two-loop closed production systems},
  journal   = {Computers \& Operations Research},
  year      = {2009},
  volume    = {36},
  number    = {1},
  pages     = {119--134},
  publisher = {Elsevier},
}

@Article{Liu1988,
  author    = {Liu, Chih-Ming and Sanders, Jerry L.},
  title     = {Stochastic design optimization of asynchronous flexible assembly systems},
  journal   = {Annals of Operations Research},
  year      = {1988},
  volume    = {15},
  number    = {1},
  pages     = {131--154},
  publisher = {Springer},
}

@Article{MacGregorSmith2005,
  author    = {MacGregor Smith, J. and Cruz, F.R.B.},
  title     = {The buffer allocation problem for general finite buffer queueing networks},
  journal   = {Iie Transactions},
  year      = {2005},
  volume    = {37},
  number    = {4},
  pages     = {343--365},
  publisher = {Taylor \& Francis},
}

@Article{Li2009a,
  author    = {Li, Jingshan and E. Blumenfeld, Dennis and Huang, Ningjian and M. Alden, Jeffrey},
  title     = {Throughput analysis of production systems: recent advances and future topics},
  journal   = {International Journal of Production Research},
  year      = {2009},
  volume    = {47},
  number    = {14},
  pages     = {3823--3851},
  publisher = {Taylor \& Francis},
}

@Article{Lazaro2008,
  author    = {Resano Lazaro, A. and Luis Perez, C.J.},
  title     = {Analysis of an automobile assembly line as a network of closed loops working in both, stationary and transitory regimes},
  journal   = {International Journal of Production Research},
  year      = {2008},
  volume    = {46},
  number    = {17},
  pages     = {4803--4825},
  publisher = {Taylor \& Francis},
}

@Article{Lazaro2009,
  author    = {Resano Lazaro, A. and Luis Perez, CJ.},
  title     = {Dynamic analysis of an automobile assembly line considering starving and blocking},
  journal   = {Robotics and Computer-Integrated Manufacturing},
  year      = {2009},
  volume    = {25},
  number    = {2},
  pages     = {271--279},
  publisher = {Elsevier},
}

@Article{Gershwin2007,
  author    = {Gershwin, Stanley B. and Werner, Loren M.},
  title     = {An approximate analytical method for evaluating the performance of closed-loop flow systems with unreliable machines and finite buffers},
  journal   = {International Journal of Production Research},
  year      = {2007},
  volume    = {45},
  number    = {14},
  pages     = {3085--3111},
  publisher = {Taylor \& Francis},
}

@InProceedings{Frein1992,
  author       = {Frein, Yannick and Commault, Christian and Dallery, Yves},
  title        = {Analytical performance evaluation of closed transfer lines with limited number of pallets},
  booktitle    = {Robotics and Automation, 1992. Proceedings., 1992 IEEE International Conference on},
  year         = {1992},
  pages        = {1018--1023},
  organization = {IEEE},
}

@Article{Maggio2000,
  author  = {Maggio, N.},
  title   = {An analytical method for evaluating the performance of closed loop production lines with unreliable machines and finite buffer},
  journal = {Master's thesis, Politecnico di Milano},
  year    = {2000},
}

@Article{Maggio2009,
  author    = {Maggio, N. and Matta, A. and Gershwin, Stanley B. and Tolio, T.},
  title     = {A decomposition approximation for three-machine closed-loop production systems with unreliable machines, finite buffers and a fixed population},
  journal   = {IIE Transactions},
  year      = {2009},
  volume    = {41},
  number    = {6},
  pages     = {562--574},
  publisher = {Taylor \& Francis},
}

@Article{Sethi1999,
  author    = {Sethi, Suresh P. and Sriskandarajah, Chelliah and Van De Velde, Steef and Wang, Michael Y. and Hoogeveen, Han},
  title     = {Minimizing makespan in a pallet-constrained flowshop},
  journal   = {Journal of Scheduling},
  year      = {1999},
  volume    = {2},
  number    = {3},
  pages     = {115--133},
  publisher = {Wiley Online Library},
}

@Article{Wang1997,
  author    = {Wang, Michael and Sethi, Suresh and Sriskandarajah, Chelliah and De Velde, Steef Van},
  title     = {Minimizing makespan in flowshops with pallet requirements: computational complexity},
  journal   = {INFOR: Information Systems and Operational Research},
  year      = {1997},
  volume    = {35},
  number    = {4},
  pages     = {277--285},
  publisher = {Taylor \& Francis},
}

@Article{Biller2009,
  author  = {Biller, Stephan and Marin, Samuel P. and Meerkov, Semyon M. and Zhang, Liang},
  title   = {Closed Bernoulli production lines: Analysis, continuous improvement, and leanness},
  journal = {IEEE Transactions on Automation Science and Engineering},
  year    = {2009},
  volume  = {6},
  number  = {1},
  pages   = {168},
}

@Article{Chauvet2003,
  author    = {Chauvet, Fabrice and Herrmann, Jeffrey W. and Proth, J-M.},
  title     = {Optimization of cyclic production systems: a heuristic approach},
  journal   = {IEEE Transactions on Robotics and Automation},
  year      = {2003},
  volume    = {19},
  number    = {1},
  pages     = {150--154},
  publisher = {IEEE},
}

@InProceedings{Korbaa1997,
  author    = {Korbaa, Ouajdi and Camus, Herve and Gentina, Jean-Claude},
  title     = {FMS Cyclic Scheduling with Overlapping production cycles},
  booktitle = {Proceedings of 18th International Conference on Application and Theory of Petri Nets, Toulouse, France},
  year      = {1997},
}

@Article{Lee2001,
  author    = {Lee, Jong-Kun and Korbaa, Ouajdi and Gentina, Jean-Claude},
  title     = {Scheduling analysis in FMS using the unfolding time Petri nets},
  journal   = {IFAC Proceedings Volumes},
  year      = {2001},
  volume    = {34},
  number    = {17},
  pages     = {231--236},
  publisher = {Elsevier},
}

@Article{Onvural1990,
  author    = {Onvural, R.},
  title     = {Survey of closed queueing networks with blocking},
  journal   = {ACM Computing Surveys (CSUR)},
  year      = {1990},
  volume    = {22},
  number    = {2},
  pages     = {83--121},
  publisher = {ACM},
}

@TechReport{Werner2001,
  author      = {Werner, Loren M.},
  title       = {Analysis and design of closed loop manufacturing systems},
  institution = {AIR FORCE INST OF TECH WRIGHT-PATTERSON},
  year        = {2001},
}

@Article{Banaszak1990,
  author    = {Banaszak, Zbigniew Antoni and Krogh, Bruce H.},
  title     = {Deadlock avoidance in flexible manufacturing systems with concurrently competing process flows},
  journal   = {IEEE Transactions on robotics and automation},
  year      = {1990},
  volume    = {6},
  number    = {6},
  pages     = {724--734},
  publisher = {IEEE},
}

@Article{Park2001,
  author    = {Park, Jonghun and Reveliotis, Spyros A.},
  title     = {Deadlock avoidance in sequential resource allocation systems with multiple resource acquisitions and flexible routings},
  journal   = {IEEE Transactions on Automatic Control},
  year      = {2001},
  volume    = {46},
  number    = {10},
  pages     = {1572--1583},
  publisher = {IEEE},
}

@Article{Xing1996,
  author    = {Xing, Ke-Yi and Hu, Bao-Sheng and Chen, Hao-Xun},
  title     = {Deadlock avoidance policy for Petri-net modeling of flexible manufacturing systems with shared resources},
  journal   = {IEEE transactions on Automatic Control},
  year      = {1996},
  volume    = {41},
  number    = {2},
  pages     = {289--295},
  publisher = {IEEE},
}

@Article{Viswanadham1990,
  author    = {Viswanadham, Nukala and Narahari, Yadati and Johnson, Timothy L.},
  title     = {Deadlock prevention and deadlock avoidance in flexible manufacturing systems using Petri net models},
  journal   = {IEEE transactions on robotics and automation},
  year      = {1990},
  volume    = {6},
  number    = {6},
  pages     = {713--723},
  publisher = {IEEE},
}

@Article{Ezpeleta1995,
  author    = {Ezpeleta, Joaquin and Colom, Jose Manuel and Martinez, Javier},
  title     = {A Petri net based deadlock prevention policy for flexible manufacturing systems},
  journal   = {IEEE transactions on robotics and automation},
  year      = {1995},
  volume    = {11},
  number    = {2},
  pages     = {173--184},
  publisher = {IEEE},
}

@Article{Coffman1971,
  author    = {Coffman, Edward G. and Elphick, Melanie and Shoshani, Arie},
  title     = {System deadlocks},
  journal   = {ACM Computing Surveys (CSUR)},
  year      = {1971},
  volume    = {3},
  number    = {2},
  pages     = {67--78},
  publisher = {ACM},
}

@Article{Potts2001,
  author    = {Potts, Chris N. and Whitehead, J. Douglass},
  title     = {Workload balancing and loop layout in the design of a flexible manufacturing system},
  journal   = {European Journal of Operational Research},
  year      = {2001},
  volume    = {129},
  number    = {2},
  pages     = {326--336},
  publisher = {Elsevier},
}

@Article{Cheng1998,
  author    = {Cheng, Runwei and Gent, Mitsuo},
  title     = {Loop layout design problem in flexible manufacturing systems using genetic algorithms},
  journal   = {Computers \& Industrial Engineering},
  year      = {1998},
  volume    = {34},
  number    = {1},
  pages     = {53--61},
  publisher = {Elsevier},
}

@Article{Cheng1996,
  author    = {Cheng, Runwei and Gent, Mitsuo and Tosawa, Tatsumi},
  title     = {Genetic algorithms for designing loop layout manufacturing systems},
  journal   = {Computers \& Industrial Engineering},
  year      = {1996},
  volume    = {31},
  number    = {3-4},
  pages     = {587--591},
  publisher = {Elsevier},
}

@Article{Kumar2008,
  author    = {Kumar, R.M. Satheesh and Asokan, P. and Kumanan, S.},
  title     = {Design of loop layout in flexible manufacturing system using non-traditional optimization technique},
  journal   = {The International Journal of Advanced Manufacturing Technology},
  year      = {2008},
  volume    = {38},
  number    = {5-6},
  pages     = {594},
  publisher = {Springer},
}

@InProceedings{Gershwin2001,
  author    = {Gershwin, Stanley B. and Maggio, N. and Matta, A. and Tolio, T. Antonio and Werner, L.},
  title     = {Analysis of loop networks by decomposition},
  booktitle = {3rd Aegean International Conference on" Design and analysis of manufacturing systems"},
  year      = {2001},
  pages     = {239--248},
}

@Article{Gershwin1994,
  author    = {Gershwin, Stanley B.},
  title     = {Manufacturing systems engineering},
  journal   = {PTR Prentice Hall Englewood Cliffs},
  year      = {1994},
  publisher = {PTR Prentice Hall Englewood Cliffs, NJ},
}

@Article{Gershwin1987,
  author    = {Gershwin, Stanley B.},
  title     = {An efficient decomposition method for the approximate evaluation of tandem queues with finite storage space and blocking},
  journal   = {Operations research},
  year      = {1987},
  volume    = {35},
  number    = {2},
  pages     = {291--305},
  publisher = {INFORMS},
}

@Misc{Onvural1990a,
  author    = {Onvural, R. and Perros, H.},
  title     = {Throughput analysis of cyclic queuing networks with blocking},
  year      = {1990},
  journal   = {Technical report},
  publisher = {CS Dept, North Carolina State University},
}

@Article{Tolio1998,
  author    = {Tolio, Tullio and Matta, Andrea and Jovane, F.},
  title     = {A method for performance evaluation of automated flow lines},
  journal   = {CIRP Annals},
  year      = {1998},
  volume    = {47},
  number    = {1},
  pages     = {373--376},
  publisher = {Elsevier},
}

@Article{Ferreira2012,
  author    = {Ferreira, Luis Pinto and G{\'o}mez, Enrique Ares and Lourido, Gustavo C.Pel{\'a}ez and Quintas, Jos{\'e} Di{\'e}guez and Tjahjono, Benny},
  title     = {Analysis and optimisation of a network of closed-loop automobile assembly line using simulation},
  journal   = {The International Journal of Advanced Manufacturing Technology},
  year      = {2012},
  volume    = {59},
  number    = {1-4},
  pages     = {351--366},
  publisher = {Springer},
}

@PhdThesis{Zhang2006,
  author = {Zhang, Zhenyu and others},
  title  = {Analysis and design of manufacturing systems with multiple-loop structures},
  school = {Massachusetts Institute of Technology},
  year   = {2006},
}

@InProceedings{Lazaro2007,
  author    = {Resano Lazaro, A. and Luis Perez, C.J.},
  title     = {Analysis and enhancement of the four-door cars proportion limits in a real automobile assembly line working in transitory regime},
  booktitle = {Second Manufacturing Engineering Society International Conference. Madrid. Spain},
  year      = {2007},
}

@InProceedings{Ferreira2008,
  author    = {Ferreira, Luis Pinto and Gomez, E. Ares and Lourido, G.C. Pelaez and Lazaro, A. Resano and Perez, C.J. Luis},
  title     = {Comparative Analysis between analytical and Arena simulation models applied to an Automobile closed-loops assembly line, modelled like a network of closed loops},
  booktitle = {Proceedings of 25th International Manufacturing Conference:“Manufacturing and Design--The Next Generation”(IMC2008), Ireland, 3rd-5th September},
  year      = {2008},
}

@Article{Ferreira2010,
  author  = {Ferreira, Luis Pinto and Ares, E. and Pelaez, LGC and Salgado, Marina},
  title   = {Analysis of the influence of conveyor speed on the behaviour of an automobile assembly line.},
  journal = {DAAAM International Scientific Book},
  year    = {2010},
}

@Article{Ferreira2011,
  author  = {Ferreira, Luis Pinto and Gomez, Enrique Ares and Lourido, Gustavo Pelaez and Salgado, Marina and Quintas, Jose Dieguez},
  title   = {Analysis on the influence of the number of pallets circulating on an automobile closed-loops assembly line},
  journal = {manufacturing systems},
  year    = {2011},
  volume  = {14},
  pages   = {15},
}

@Article{Ferreira2012a,
  author  = {Ferreira, Luis Pinto and Gomez, Enrique Ares and Lourido, Gustavo C Pelaez and Quintas, Jose Dieguez and Tjahjono, Benny},
  title   = {Analysis and optimisation of a network of closed-loop automobile assembly line using simulation},
  journal = {The International Journal of Advanced Manufacturing Technology},
  year    = {2012},
  volume  = {1},
  number  = {59},
  pages   = {351--366},
}

@Article{Fanti2004,
  author    = {Fanti, Maria Pia and Zhou, MengChu},
  title     = {Deadlock control methods in automated manufacturing systems},
  journal   = {IEEE Transactions on Systems, Man, and Cybernetics-Part A: Systems and Humans},
  year      = {2004},
  volume    = {34},
  number    = {1},
  pages     = {5--22},
  publisher = {IEEE},
}

@Article{Wu2001,
  author    = {Wu, Naiqi and Zhou, MengChu},
  title     = {Avoiding deadlock and reducing starvation and blocking in automated manufacturing systems},
  journal   = {IEEE Transactions on Robotics and Automation},
  year      = {2001},
  volume    = {17},
  number    = {5},
  pages     = {658--669},
  publisher = {IEEE},
}

@Article{Wu2005,
  author    = {Wu, Naiqi and Zhou, MengChu},
  title     = {Modeling and deadlock avoidance of automated manufacturing systems with multiple automated guided vehicles},
  journal   = {IEEE Transactions on Systems, Man, and Cybernetics, Part B (Cybernetics)},
  year      = {2005},
  volume    = {35},
  number    = {6},
  pages     = {1193--1202},
  publisher = {IEEE},
}

@Article{Murata1989,
  author    = {Murata, Tadao},
  title     = {Petri nets: Properties, analysis and applications},
  journal   = {Proceedings of the IEEE},
  year      = {1989},
  volume    = {77},
  number    = {4},
  pages     = {541--580},
  publisher = {IEEE},
}

@Article{Petri1966,
  author  = {Petri, Carl Adam},
  title   = {Communication with automata},
  journal = {European journal of operational research},
  year    = {1966},
}

@Article{Salimifard2001,
  author    = {Salimifard, Khodakaram and Wright, Mike},
  title     = {Petri net-based modelling of workflow systems: An overview},
  journal   = {European journal of operational research},
  year      = {2001},
  volume    = {134},
  number    = {3},
  pages     = {664--676},
  publisher = {Elsevier},
}

@Book{Peterson1985,
  title     = {Operating system concepts},
  publisher = {Addison-Wesley Reading, MA},
  year      = {1985},
  author    = {Peterson, James Lyle and Silberschatz, Abraham},
  volume    = {214},
}

@Article{Hopcroft2001,
  author    = {Hopcroft, John E and Motwani, Rajeev and Ullman, Jeffrey D},
  title     = {Introduction to automata theory, languages, and computation},
  journal   = {Acm Sigact News},
  year      = {2001},
  volume    = {32},
  number    = {1},
  pages     = {60--65},
  publisher = {ACM},
}

@Article{Lawley1998,
  author    = {Lawley, Mark A and Reveliotis, Spyros A and Ferreira, Placid M},
  title     = {A correct and scalable deadlock avoidance policy for flexible manufacturing systems},
  journal   = {IEEE Transactions on Robotics and Automation},
  year      = {1998},
  volume    = {14},
  number    = {5},
  pages     = {796--809},
  publisher = {IEEE},
}

@Article{Reveliotis1996,
  author    = {Reveliotis, Spyros A and Ferreira, Placid M},
  title     = {Deadlock avoidance policies for automated manufacturing cells},
  journal   = {IEEE Transactions on Robotics and Automation},
  year      = {1996},
  volume    = {12},
  number    = {6},
  pages     = {845--857},
  publisher = {IEEE},
}

@InProceedings{Coupek2014,
  author       = {Coupek, D and Verl, A and Lechler, A and Aichele, J and Junker, S},
  title        = {Defect reduction in the production of electric drives by downstream compensation and space-resolved inspection},
  booktitle    = {Electric Drives Production Conference (EDPC), 2014 4th International},
  year         = {2014},
  pages        = {1--8},
  organization = {IEEE},
}

@Article{Ishigami2015,
  author    = {Ishigami, Takashi and Tanaka, Yuichiro and Homma, Hiroshi},
  title     = {Motor stator with thick rectangular wire lap winding for HEVs},
  journal   = {IEEE Transactions on Industry Applications},
  year      = {2015},
  volume    = {51},
  number    = {4},
  pages     = {2917--2923},
  publisher = {IEEE},
}

@Article{Ishigami2014,
  author    = {Ishigami, Takashi and Tanaka, Yuichiro and Homma, Hiroshi},
  title     = {Development of Motor Stator with Rectangular-Wire Lap Winding and an Automatic Process for Its Production},
  journal   = {Electrical Engineering in Japan},
  year      = {2014},
  volume    = {187},
  number    = {4},
  pages     = {51--59},
  publisher = {Wiley Online Library},
}

@Book{Li2008,
  title     = {Production systems engineering},
  publisher = {Springer Science \& Business Media},
  year      = {2008},
  author    = {Li, Jingshan and Meerkov, Semyon M},
}

@Book{Kim2017,
  title     = {Electric motor control: Dc, ac, and bldc motors},
  publisher = {Elsevier},
  year      = {2017},
  author    = {Kim, Sang-Hoon},
}

@InProceedings{Situ2009,
  author       = {Situ, Lixin},
  title        = {Electric vehicle development: the past, present \& future},
  booktitle    = {2009 3rd International Conference on Power Electronics Systems and Applications (PESA)},
  year         = {2009},
  pages        = {1--3},
  organization = {IEEE},
}

@Article{Zhou2015,
  author    = {Zhou, Yan and Wang, Michael and Hao, Han and Johnson, Larry and Wang, Hewu},
  title     = {Plug-in electric vehicle market penetration and incentives: a global review},
  journal   = {Mitigation and Adaptation Strategies for Global Change},
  year      = {2015},
  volume    = {20},
  number    = {5},
  pages     = {777--795},
  publisher = {Springer},
}

@Article{Fleischer2017,
  author  = {Fleischer, J and Haag, S and Hofmann, J},
  title   = {Quo vadis winding technology},
  journal = {A study on state of the art and research on future trends in automotive engineering},
  year    = {2017},
}

@Article{Pham2007,
  author    = {Pham, Hoang and Lai, Chin-Diew},
  title     = {On recent generalizations of the Weibull distribution},
  journal   = {IEEE transactions on reliability},
  year      = {2007},
  volume    = {56},
  number    = {3},
  pages     = {454--458},
  publisher = {IEEE},
}
@article{zhang2021resource,
	title={Resource allocation problems in manufacturing systems using white-box-simulation-based cut generation approach},
	author={Zhang, Mengyi},
	year={2021}
}

@article{basile2012k,
	title={On K-diagnosability of Petri nets via integer linear programming},
	author={Basile, Francesco and Chiacchio, Pasquale and De Tommasi, Gianmaria},
	journal={Automatica},
	volume={48},
	number={9},
	pages={2047--2058},
	year={2012},
	publisher={Elsevier}
}
@Comment{jabref-meta: databaseType:bibtex;}
