@article{bemporad1999control,
	title={Control of systems integrating logic, dynamics, and constraints},
	author={Bemporad, Alberto and Morari, Manfred},
	journal={Automatica},
	volume={35},
	number={3},
	pages={407--427},
	year={1999},
	publisher={Elsevier}
}

@article{di2020makespan,
	title={Makespan optimization using Timed Petri Nets and Mixed Integer Linear Programming Problem},
	author={Di Marino, E and Su, R and Basile, F},
	journal={IFAC-PapersOnLine},
	volume={53},
	number={4},
	pages={129--135},
	year={2020},
	publisher={Elsevier}
}

@article{chan2008optimization,
  title={Optimization models of discrete-event system dynamics},
  author={Chan, Wai Kin and Schruben, Lee},
  journal={Operations Research},
  volume={56},
  number={5},
  pages={1218--1237},
  year={2008},
  publisher={INFORMS}
}

@article{yucesan1992structural,
	title={Structural and behavioral equivalence of simulation models},
	author={Y{\"u}cesan, Enver and Schruben, Lee},
	journal={ACM Transactions on Modeling and Computer Simulation (TOMACS)},
	volume={2},
	number={1},
	pages={82--103},
	year={1992},
	publisher={ACM New York, NY, USA}
}

@inproceedings{zhang2020simulation,
	title={Simulation optimization with mathematical programming representation of discrete event systems},
	author={Zhang, Mengyi and Matta, Andrea and Alfieri, Arianna},
	booktitle={2020 Winter Simulation Conference},
	pages={accepted},
	year={2020},
	organization={IEEE}
}

@inproceedings{matta2008simulation,
	title={Simulation optimization with mathematical programming representation of discrete event systems},
	author={Matta, Andrea},
	booktitle={2008 Winter Simulation Conference},
	pages={1393--1400},
	year={2008},
	organization={IEEE}
}

@article{alfieri2020time,
	title={The time buffer approximated Buffer Allocation Problem: A row--column generation approach},
	author={Alfieri, Arianna and Matta, Andrea and Pastore, Erica},
	journal={Computers \& Operations Research},
	volume={115},
	pages={104835},
	year={2020},
	publisher={Elsevier}
}

@article{weiss2015buffer,
	title={Buffer allocation in stochastic flow lines via sample-based optimization with initial bounds},
	author={Weiss, Sophie and Stolletz, Raik},
	journal={OR spectrum},
	volume={37},
	number={4},
	pages={869--902},
	year={2015},
	publisher={Springer}
}

@article{alfieri2012mathematical,
	title={Mathematical programming formulations for approximate simulation of multistage production systems},
	author={Alfieri, Arianna and Matta, Andrea},
	journal={European Journal of Operational Research},
	volume={219},
	number={3},
	pages={773--783},
	year={2012},
	publisher={Elsevier}
}

@article{tan2015mathematical,
	title={Mathematical programming representations of the dynamics of continuous-flow production systems},
	author={Tan, Bari{\c{s}}},
	journal={IIE Transactions},
	volume={47},
	number={2},
	pages={173--189},
	year={2015},
	publisher={Taylor \& Francis}
}

@book{zeigler2018theory,
	title={Theory of modeling and simulation: discrete event \& iterative system computational foundations},
	author={Zeigler, Bernard P and Muzy, Alexandre and Kofman, Ernesto},
	year={2018},
	publisher={Academic press}
}

@article{zhang2020BAP,
	title={Buffer Allocation Problem in production flow lines: a new Benders decomposition based exact solution approach},
	author={Zhang, Mengyi and Erica Pastore and Matta, Andrea and Alfieri, Arianna},
	journal={under review},
	volume={},
	number={},
	pages={},
	year={2021},
	publisher={}
}

@article{pedrielli2015integrated,
	title={Integrated simulation--optimisation of pull control systems},
	author={Pedrielli, Giulia and Alfieri, Arianna and Matta, Andrea},
	journal={International Journal of Production Research},
	volume={53},
	number={14},
	pages={4317--4336},
	year={2015},
	publisher={Taylor \& Francis}
}

@inproceedings{zhang2018data,
	title={Data-driven Downtime Bottleneck Detection in Open Flow Lines},
	author={Zhang, Mengyi and Matta, Andrea},
	booktitle={2018 IEEE 14th International Conference on Automation Science and Engineering (CASE)},
	pages={1513--1518},
	year={2018},
	organization={IEEE}
}

@article{zhang2020models,
	title={Models and algorithms for throughput improvement problem of serial production lines via downtime reduction},
	author={Zhang, Mengyi and Matta, Andrea},
	journal={IISE Transactions},
	pages={1--15},
	year={2020},
	publisher={Taylor \& Francis}
}

@book{law2014simulation,
	title={Simulation modeling and analysis},
	author={Law, Averill M},
	volume={5},
	year={2014},
	publisher={McGraw-Hill New York}
}

@inproceedings{zhang2020sample,
	title={Sample-Path Algorithm for Global Optimal Solution of Resource Allocation in Queueing Systems with Performance Constraints},
	author={Zhang, Mengyi and Matta, Andrea and Alfieri, Arianna},
	booktitle={2020 Winter Simulation Conference (WSC)},
	pages={2767--2778},
	year={2020},
	organization={IEEE}
}